% ------------------------------------------------------------------------
BIBLIOGRAPHY FILE
% ------------------------------------------------------------------------
@article{reftest,
  title={A particle method for history-dependent materials},
  author={Sulsky, Deborah and Chen, Zhen and Schreyer, Howard L},
  journal={Computer methods in applied mechanics and engineering},
  volume={118},
  number={1-2},
  pages={179--196},
  year={1994},
  publisher={Elsevier}
}
@book{Raj2016,
isbn = "9780128094990",
year = "2016",
title = "Construction engineering design calculations and rules of thumb",
copyright = "<b>Conditions of use:</b><br/>Available on designated PCs in main University Library and Affiliated Libraries only. <a href={"}http://www.lib.cam.ac.uk/collections/departments/legal-deposit/access-electronic-legal-deposit{"}>Click for more information</a>.",
language = "eng",
author = "Rajapakse, Ruwan",
keywords = "Engineering mathematics; Engineering mathematics -- Tables",
}
@book{EFFC,
year = "2016",
title = "EFFC/DFI Best Practice Guide to Tremie Concrete for Deep Foundations",
author = "EFFC,DFI",
}
@article{bjorn,
  title={Fluid and casing supported Execution of bored Piles and their effects on Concrete Flow Behaviour},
  author={BÃ¶hle, B., Pulsfort, M.},
  journal={DGGT},
  volume={33},
  year={2014},
}
@techreport{BS1536,
type = {Standard},
key = {BS EN 1536},
month = September,
year = {2015},
title = {{Execution of special geotechnical work. Bored piles}},
institution = {British Standards Institute}
}
@book{Sperwall,
isbn = "9780727761576",
year = "2017",
title = "ICE specification for piling and embedded retaining walls / Institution of Civil Engineers.",
edition = "Third edition.",
language = "eng",
keywords = "Retaining walls -- Specifications -- Great Britain; Piling (Civil engineering) -- Specifications -- Great Britain",
author = "ICE",
}


% ------------------------------------------------------------------------